<?xml version="1.0" encoding="UTF-8"?><collection xmlns="http://www.loc.gov/MARC21/slim"><record><leader>00569nam--2200193-i-4500</leader><controlfield tag="001">000013541</controlfield><controlfield tag="002">20161230</controlfield><controlfield tag="005">20161230201030</controlfield><controlfield tag="008">060222s1000------------r-----000-0-eng-d</controlfield><datafield ind1=" " ind2=" " tag="020"><subfield code="a">0444853472</subfield></datafield><datafield ind1=" " ind2=" " tag="040"><subfield code="a">IFIN-HH</subfield></datafield><datafield ind1=" " ind2=" " tag="080"><subfield code="a">621.382?537.311.33</subfield></datafield><datafield ind1="1" ind2=" " tag="100"><subfield code="a">Hilsum, Cyril</subfield></datafield><datafield ind1="1" ind2="0" tag="245"><subfield code="a">Handbook on semiconductors</subfield><subfield code="b">Volume 4. device physics</subfield><subfield code="c">Cyril hilsum (volume editor)</subfield></datafield><datafield ind1=" " ind2=" " tag="260"><subfield code="a">Amsterdam</subfield><subfield code="b">North-holland Publishing Company</subfield><subfield code="c">1981</subfield></datafield><datafield ind1=" " ind2=" " tag="300"><subfield code="a">XI+970P</subfield></datafield><datafield ind1=" " ind2=" " tag="490"><subfield code="a">Handbook On Semiconductors</subfield></datafield><datafield ind1=" " ind2=" " tag="852"><subfield code="a">48008</subfield><subfield code="c">537.311.33</subfield></datafield><datafield ind1=" " ind2=" " tag="CAT"><subfield code="a">Sys</subfield><subfield code="c">20110726</subfield><subfield code="h">124652</subfield></datafield></record></collection>